% Converter:
% http://manas.tungare.name/software/isbn-to-bibtex/

@book{Louis:CSharp,
  Author 			= {D. Louis and S. Strasser and K. Löffelmann},
  Title 			= {Microsoft Visual C\# 2005 - Das Entwicklerbuch},
  Publisher 	= {Hrsg.: Microsoft Press Deutschland},
  Year 				= {2006},
  ISBN 				= {3860635433},  
}

@misc{msdn,
  Author 			= {Microsoft},
  Title 			= {{Übersicht über .NET Framework}},
  howpublished 	= {\url{https://msdn.microsoft.com/de-de/library/vstudio/zw4w595w(v=vs.11)}},
  Year 				= {Stand: 13.10.2015}
}


@misc{msdnReg,
  Author 			= {Microsoft},
  Title 			= {{Structure of the Registry}},
  howpublished 	= {\url{https://msdn.microsoft.com/en-us/library/ms724946(v=vs.85).aspx}},
  Year 				= {Stand: 13.10.2015}
}

@misc{profinetSystem,
  Author 			= {{PROFIBUS Nutzerorganisation e.V.}},
  Title 			= {{PROFINET Systembeschreibung - Technologie und Anwendung}},
  Publisher   = {{PROFIBUS Nutzerorganisation e.V.}},
  Year 				= {10.2014}
}

@misc{profisafeSystem,
  Author 			= {{PROFIBUS Nutzerorganisation e.V.}},
  Title 			= {{PROFIsafe Systembeschreibung - Technologie und Anwendung}},
  Publisher   = {{PROFIBUS Nutzerorganisation e.V.}},
  Year 				= {11.2010}
}

@manual{profisafeProfile,
  Author 			= {{PROFIBUS Nutzerorganisation e.V.}},
  Title 			= {{PROFIsafe - Profile for Safety Technology on PROFIBUS DP and PROFINET IO, Version 2.6.1}},
  Publisher   = {{PROFIBUS Nutzerorganisation e.V.}},
  Year 				= {08.2014}
}

@book{bussysteme,
Author	= {{Dr. rer. nat. M. Lupik u.a.}},
Title		= {{Bussysteme in der Automatisierungs- und Prozesstechnik - Grundlagen, Systeme und Trends der industriellen Kommunikation}},

Publisher = {{Hrsg.: G. Schnell, B. Wiedemann}},
Year			= {02.2006}
}

@misc{funktionaleSicherheit,
Author		= {Dr. T. Reus},
Title			= {{Funktionale Sicherheit Safety Integrity Level}},
Publisher = {{JUMO GmbH \& Co. KG}},
 howpublished 	= {\url{http://www2.jumo.de/news/newsletter/Newsletter/2006_01/2006_01_P10_03/pdf/FAS630d_SIL.pdf}},
Year 			= {Stand: 13.10.2015}
}

@misc{indraWorks,
Author		= {Bosch Rexroth AG},
Title			= {{IndraWorks Engineering}},
howpublished = {\url{http://www.boschrexroth.com/dcc/Vornavigation/Vornavi.cfm?Language=EN\&VHist=g97568,g146267\&PageID=p307594}},
Year			= {Stand: 13.10.2015}
}

@book{popp,
Author		=	{M. Popp},
Title			= {{Industrielle Kommunikation mit PROFINET}},
Publisher	= {{PROFIBUS Nutzerorganisation e.V.}},
Year			= {2007}
}

@book{prozessautomatisierung,
Author		= {Prof. Dr.-Ing. W. Ahrens u.a.},
Title			= {{Handbuch der Prozessautomatisierung, Prozessleittechnik für verfahrenstechnische Anlagen}},
Publisher	= {{Hrsg.: K.F. Früh, U. Maier, D. Schaudel}},
Year			= {2009}
}

@manual{murr,
Author		= {Murrelektronik GmbH},
Title			= {{Handbuch Deutsch für Geräte der Baureihe MVK-MPNIO Safety}},
Year			= {09.2014}
}

@misc{laserscannerAB,
Author		= {Rockwell Automation},
Title			= {{Grafik: SafeZone-Sicherheits-Laserscanner, Warn- und Sicherheitsfeld}},
howpublished = {\url{http://epub1.rockwellautomation.com/images/web-proof-large/GL/16081.jpg}},
Year			= {Stand: 13.10.2015}
}

@misc{laserscannerABBeispielparametrierung,
Author		= {Rockwell Automation},
Title			= {{Grafik: SafeZone-Sicherheits-Laserscanner, Beispielparametrierung Warn- und Sicherheitsfeld}},
howpublished = {\url{http://epub1.rockwellautomation.com/images/web-proof-large/DE/15463.jpg}},
Year			= {Stand: 13.10.2015}
}

@misc{laserscannerBeschreibung,
Author		= {Rockwell Automation},
Title			= {{Safezone-Sicherheits-Laserscanner}},
howpublished = {\url{http://www.ab.com/de/epub/catalogs/3377539/5866177/3377569/6388297/3383633/3383651/Einf-hrung.html}},
Year			= {Stand: 27.10.2015}
}

@misc{fdt,
Author		= {FDT Group},
Title			= {{FDT technology, what is it?}},
howpublished = {\url{http://www.fdtgroup.org/fdt-technology-what-it}},
Year			= {Stand: 13.10.2015}
}

@misc{tciSpez,
Author		= {PROFIBUS Nutzerorganisation},
Title			= {{Tool Calling Interface Specification for PROFIBUS and PROFINET, Version 1.1}},
Year			= {10.2008}
}

@misc{tciSpezAnnex2,
Author		= {PROFIBUS Nutzerorganisation},
Title			= {{Tool Calling Interface for PROFINET Annex 2 related to TCI Specification, Version 1.1}},
Year			= {10.2008}
}

@misc{IWPlatform,
Author		= {Bosch Rexroth AG},
Title			= {{IndraWorks Platform Software Architecture Document V4.0}},
Year			= {11.2005}
}

@misc{Objektorientierung,
Author		= {B. Lahres and G. Rayman},
Title			= {{Praxisbuch Objektorientierung}},
Publisher	= {Hrsg.: Rheinwerk Verlag GmbH},
howpublished = {\url{http://openbook.rheinwerk-verlag.de/oo/oo_03_prinzipien_000.htm}},
Year			= {2006}
}

@misc{SRP,
Author		= {R. C. Martin},
Title			= {{SRP: The Single Responsibility Principle}},
howpublished = {\url{http://www.objectmentor.com/resources/articles/srp.pdf}},
Year			= {Stand: 14.10.2015}
}

@misc{GSDML,
Author		= {PROFIBUS Nutzerorganisation},
Title			= {{GSDML Technical Specification for PROFINET IO, Version 2.32}},
Year			= {05.2015}
}

@misc{xml,
Author		=	{N. Walsh},
Title			= {{A Technical Introduction to XML}},
howpublished = {\url{http://www.xml.com/pub/a/98/10/guide0.html}},
Year			= {Stand: 22.10.2015}
}

@misc{xmlW3C,
Author		= {W3C},
Title			= {{Extensible Markup Language (XML}},
howpublished = {\url{http://www.w3.org/XML/}},
Year			= {Stand: 22.10.2015}
}

@book{EffSWArchitektur,
Author		= {Gernot Starke},
Title			= {{Effektive Software Architekturen}},
Publisher = {Hanser Verlag},
Year			= {2009},
ISBN			= {978-3-446-42008-3}
}

@book{SWRequirements,
Author		= {Ulrike Hammerschall and Gerd Beneken},
Title 		= {{Software Requirements}},
Publisher	= {Pearson Deutschland GmbH},
Year			= {2013},
ISBN			= {973-3-86894-151-7},
}

@misc{PawnImplementersGuide,
Author		= {ITB CompuPhase},
Title			= {{ Pawn Implementer´s Guide }},
Year			= {09.2016},
Note			= {Erhältlich unter \url{https://www.compuphase.com/pawn/pawn.htm}, abgerufen am 06.09.2017}
}

@misc{PawnLanguageGuide,
Author		= {ITB CompuPhase},
Title			= {{ Pawn Language Guide }},
Year			= {01.2016},
Note			= {Erhältlich unter \url{https://www.compuphase.com/pawn/pawn.htm}, abgerufen am 06.09.2017}
}

@misc{PawnCompiler,
Author		= {ITB CompuPhase},
Title			= {{ Pawn }},
Note			= {Erhältlich unter \url{https://www.compuphase.com/pawn/pawn.htm}, abgerufen am 06.09.2017}

}

@book{WPF,
Author		= {Thomas Claudius Huber},
Title			= {{Windows Presentation Foundation - Das umfassende Handbuch}},
Publisher	=	{Rheinwerk Verlag},
Year			= {2016},
ISBN			= {978-3-8362-3756-7}
}

@misc{MSMVVM,
Author		=	{Microsoft},
Title			= {{The MVVM Pattern}},
howpublished = {\url{https://msdn.microsoft.com/en-us/library/hh848246.aspx}},
Year			= {Stand: 04.09.2017}
}

@misc{AvalonEdit,
Author		= {icsharpcode},
Title			= {{AvalonEdit}},
Note			= {Erhältlich unter \url{http://avalonedit.net}, abgerufen am 06.09.2017}
}

@misc{EditTextBox,
Author		= {Dirk Bahle},
Title			= {{A WPF MVVM In-Place-Edit TextBox Control}},
howpublished	= {\url{https://www.codeproject.com/Articles/802385/A-WPF-MVVM-In-Place-Edit-TextBox-Control}},
Year			= {Stand: 06.09.2017}
}

@misc{AvalonDock,
Author		= {Xceed},
Title			= {{AvalonDock}},
Note			= {Erhältlich unter \url{https://avalondock.codeplex.com}, abgerufen am 06.09.2017}
}

@misc{srecCat,
Author		= {Peter Miller and Scott Finneran},
Title			= {{ SRecord 1.64 }},
Note			= {Erhältlich unter \url{http://srecord.sourceforge.net/download.html}, abgerufen am 06.09.2017}
}

@misc{MightyHID,
Author		= { Tomasz Watorowski },
Title			= {{ MightyHID }},
Note			= {Erhältlich unter \url{https://github.com/MightyDevices/MightyHID}, abgerufen am 06.09.2017}
}

@book{DefSWArchitektur,
Author		= {	L. Bass and P. Clements and R. Kazman	},
Title			= {{	Software Architecture in Practice	}},
Publisher	= {	Addison-Wesley	},
Year			= {	1998}
}

@misc{VSImgLib,
Author		= {	Microsoft	},
Title			= {{	Visual Studio Image Library	}},
Note			= {	Erhältlich unter \url{https://www.microsoft.com/en-us/download/details.aspx?id=35825}, abgerufen am 12.09.2017	}
}

@book{MCInteraktion,
Author		= {	Andreas M. Heinecke	},
Title			= {{	Mensch-Computer-Interaktion - Basiswissen für Entwickler und Gestalter	}},
Publisher	= {{	Springer-Verlag	}},
Year			=	{	2012	},
Note		= {	2. Auflage	}
}


}